@article{me_bachelor,
  title={Оптимизация количества вызовов отрисовки в современных графических системах: выпускная квалификационная работа бакалавра: направление 01.03. 02 {\guillemotleft}Прикладная математика и информатика{\guillemotright}; образовательная программа 01.03. 02\_02 {\guillemotleft}Системное программирование{\guillemotright}},
  author={Парусов, Владимир Алексеевич},
  year={2023}
}

@book{prasolov1996,
  title={Задачи и теоремы линейной алгебры},
  author={Прасолов, Виктор Васильевич},
  year={1996},
  publisher={Наука. Гл. ред. физ.-мат. лит.}
}

@article{pbd,
  title={Position based dynamics},
  author={M{\"u}ller, Matthias and Heidelberger, Bruno and Hennix, Marcus and Ratcliff, John},
  journal={Journal of Visual Communication and Image Representation},
  volume={18},
  number={2},
  pages={109--118},
  year={2007},
  publisher={Elsevier}
}

@inproceedings{xpbd,
  title={XPBD: position-based simulation of compliant constrained dynamics},
  author={Macklin, Miles and M{\"u}ller, Matthias and Chentanez, Nuttapong},
  booktitle={Proceedings of the 9th International Conference on Motion in Games},
  pages={49--54},
  year={2016}
}

@article{verlet1967computer,
  title={Computer" experiments" on classical fluids. I. Thermodynamical properties of Lennard-Jones molecules},
  author={Verlet, Loup},
  journal={Physical review},
  volume={159},
  number={1},
  pages={98},
  year={1967},
  publisher={APS}
}

@inproceedings{teschner2003optimized,
  title={Optimized spatial hashing for collision detection of deformable objects.},
  author={Teschner, Matthias and Heidelberger, Bruno and M{\"u}ller, Matthias and Pomerantes, Danat and Gross, Markus H},
  booktitle={Vmv},
  volume={3},
  pages={47--54},
  year={2003}
}

@inproceedings{muller2010wrinkle,
  title={Wrinkle Meshes.},
  author={M{\"u}ller, Matthias and Chentanez, Nuttapong},
  booktitle={Symposium on Computer Animation},
  volume={16},
  year={2010},
  organization={Madrid, Spain}
}

@inproceedings{kim2012long,
  title={Long range attachments-a method to simulate inextensible clothing in computer games},
  author={Kim, Tae-Yong and Chentanez, Nuttapong and M{\"u}ller-Fischer, Matthias},
  booktitle={Proceedings of the ACM SIGGRAPH/Eurographics Symposium on Computer Animation},
  pages={305--310},
  year={2012}
}

@inproceedings{wang2014angle,
  title={An angle bending constraint model for position-based dynamics},
  author={Wang, Yifeng and Wu, Xiaoting and Wang, Gang},
  booktitle={2014 International Conference on Virtual Reality and Visualization},
  pages={430--434},
  year={2014},
  organization={IEEE}
}

@article{li2022position,
  title={Position-based dynamics simulator of vessel deformations for path planning in robotic endovascular catheterization},
  author={Li, Zhen and Manzionna, Enrico and Monizzi, Giovanni and Mastrangelo, Angelo and Mancini, Maria Elisabetta and Andreini, Daniele and Dankelman, Jenny and De Momi, Elena},
  journal={Medical Engineering \& Physics},
  volume={110},
  pages={103920},
  year={2022},
  publisher={Elsevier}
}

@inproceedings{macklin2019small,
  title={Small steps in physics simulation},
  author={Macklin, Miles and Storey, Kier and Lu, Michelle and Terdiman, Pierre and Chentanez, Nuttapong and Jeschke, Stefan and M{\"u}ller, Matthias},
  booktitle={Proceedings of the 18th annual ACM siggraph/eurographics symposium on computer animation},
  pages={1--7},
  year={2019}
}

@inproceedings{muller2020detailed,
  title={Detailed rigid body simulation with extended position based dynamics},
  author={M{\"u}ller, Matthias and Macklin, Miles and Chentanez, Nuttapong and Jeschke, Stefan and Kim, Tae-Yong},
  booktitle={Computer Graphics Forum},
  volume={39},
  number={8},
  pages={101--112},
  year={2020},
  organization={Wiley Online Library}
}

@inproceedings{servin2006interactive,
  title={Interactive simulation of elastic deformable materials},
  author={Servin, Martin and Lacoursiere, Claude and Melin, Niklas},
  booktitle={Proceedings of SIGRAD Conference},
  pages={22--32},
  year={2006},
  organization={Citeseer}
}

@inproceedings{gu2017constraint,
  title={Constraint solving order in position based dynamics},
  author={Gu, Yufeng and Yang, Kejian and Lu, Cong},
  booktitle={2017 2nd International Conference on Electrical, Automation and Mechanical Engineering (EAME 2017)},
  pages={191--194},
  year={2017},
  organization={Atlantis Press}
}

@Online{hashing2023,
  author       = {M{\"u}ller, Matthias},
  title        = {Blazing Fast Neighbor Search with Spatial Hashing},
  year         = {2023},
  url          = {https://matthias-research.github.io/pages/tenMinutePhysics/11-hashing.pdf},
  urldate =      {2025-05-01},
}             

@article{hillis1986data,
  title={Data parallel algorithms},
  author={Hillis, W Daniel and Steele Jr, Guy L},
  journal={Communications of the ACM},
  volume={29},
  number={12},
  pages={1170--1183},
  year={1986},
  publisher={ACM New York, NY, USA}
}

@inproceedings{kajiya1986rendering,
  title={The rendering equation},
  author={Kajiya, James T},
  booktitle={Proceedings of the 13th annual conference on Computer graphics and interactive techniques},
  pages={143--150},
  year={1986}
}

@article{cook1982reflectance,
  title={A reflectance model for computer graphics},
  author={Cook, Robert L and Torrance, Kenneth E.},
  journal={ACM Transactions on Graphics (ToG)},
  volume={1},
  number={1},
  pages={7--24},
  year={1982},
  publisher={ACM New York, NY, USA}
}

@inproceedings{walter2007microfacet,
  title={Microfacet models for refraction through rough surfaces},
  author={Walter, Bruce and Marschner, Stephen R and Li, Hongsong and Torrance, Kenneth E},
  booktitle={Proceedings of the 18th Eurographics conference on Rendering Techniques},
  pages={195--206},
  year={2007}
}

@inproceedings{schlick1994inexpensive,
  title={An inexpensive BRDF model for physically-based rendering},
  author={Schlick, Christophe},
  booktitle={Computer graphics forum},
  volume={13},
  number={3},
  pages={233--246},
  year={1994},
  organization={Wiley Online Library}
}

@article{ikeuchi2014lambertian,
  title={Lambertian reflectance},
  author={Ikeuchi, Katsushi},
  journal={Encyclopedia of Computer Vision},
  pages={441--443},
  year={2014},
  publisher={Springer Boston, MA}
}

@incollection{debevec1998rendering,
  title={Rendering with natural light},
  author={Debevec, Paul},
  booktitle={ACM SIGGRAPH 98 Electronic art and animation catalog},
  pages={166},
  year={1998}
}